@incollection{treiber2000microscopic,
  title={Microscopic simulation of congested traffic},
  author={Treiber, Martin and Hennecke, Ansgar and Helbing, Dirk},
  booktitle={Traffic and granular flowâ€™99},
  pages={365--376},
  year={2000},
  publisher={Springer}
}

@misc{paperjs,
  title = {Paper.js},
  howpublished = {\url{http://http://paperjs.org/}}
}